<?xml version="1.0" encoding="UTF-8"?><collection xmlns="http://www.loc.gov/MARC21/slim"><record><leader>00438nam--2200145-i-4500</leader><controlfield tag="001">000008819</controlfield><controlfield tag="002">20161230</controlfield><controlfield tag="005">20161230201027</controlfield><controlfield tag="008">060222s1000------------r-----000-0-eng-d</controlfield><datafield ind1=" " ind2=" " tag="080"><subfield code="a">621.375.826:77</subfield></datafield><datafield ind1=" " ind2=" " tag="245"><subfield code="a">Applications of lasers to photography and information handling</subfield></datafield><datafield ind1=" " ind2=" " tag="260"><subfield code="a">Washington, Society Of Photographic Scientists 1968 Xi + 293 P</subfield></datafield><datafield ind1=" " ind2=" " tag="490"><subfield code="a">Proceedings Two-day Seminar</subfield></datafield><datafield ind1=" " ind2=" " tag="700"><subfield code="a">Richard D. Murray</subfield></datafield><datafield ind1=" " ind2=" " tag="852"><subfield code="a">30574</subfield></datafield></record></collection>